<record><leader>00000cas a2200000 a 4500</leader><controlfield tag="001">29395519</controlfield><controlfield tag="008">931129c19939999riudr n       0   a0eng c</controlfield><datafield ind1=" " ind2=" " tag="010"><subfield code="a">sn 93004218 </subfield></datafield><datafield ind1=" " ind2=" " tag="040"><subfield code="a">RIU</subfield><subfield code="b">eng</subfield><subfield code="c">RIU</subfield><subfield code="d">NSD</subfield><subfield code="d">OCL</subfield><subfield code="d">OCLCQ</subfield><subfield code="d">CUI</subfield><subfield code="d">OCLCF</subfield></datafield><datafield ind1=" " ind2=" " tag="012"><subfield code="m">1</subfield></datafield><datafield ind1="1" ind2=" " tag="022"><subfield code="a">1073-6468</subfield><subfield code="l">1073-6468</subfield><subfield code="2">1</subfield></datafield><datafield ind1=" " ind2=" " tag="032"><subfield code="a">691180</subfield><subfield code="b">USPS</subfield></datafield><datafield ind1=" " ind2=" " tag="037"><subfield code="b">Evening Call Pub. Co., 75 Main St., Woonsocket, RI 02895</subfield></datafield><datafield ind1=" " ind2=" " tag="042"><subfield code="a">nsdp</subfield><subfield code="a">pcc</subfield></datafield><datafield ind1=" " ind2=" " tag="043"><subfield code="a">n-us-ri</subfield></datafield><datafield ind1=" " ind2="4" tag="050"><subfield code="a">AN</subfield></datafield><datafield ind1="0" ind2=" " tag="130"><subfield code="a">Call (Woonsocket, R.I.)</subfield></datafield><datafield ind1=" " ind2="4" tag="222"><subfield code="a">The Call</subfield><subfield code="b">(Woonsocket, R.I.)</subfield></datafield><datafield ind1="1" ind2="4" tag="245"><subfield code="a">The Call.</subfield></datafield><datafield ind1=" " ind2=" " tag="260"><subfield code="a">Woonsocket, R.I. :</subfield><subfield code="b">Evening Call Pub. Co.,</subfield><subfield code="c">1993-</subfield></datafield><datafield ind1=" " ind2=" " tag="300"><subfield code="a">v. :</subfield><subfield code="b">ill. ;</subfield><subfield code="c">58 cm.</subfield></datafield><datafield ind1=" " ind2=" " tag="310"><subfield code="a">Daily (except Christmas day)</subfield></datafield><datafield ind1="0" ind2=" " tag="362"><subfield code="a">July 4, 1993-</subfield></datafield><datafield ind1=" " ind2="0" tag="651"><subfield code="a">Woonsocket (R.I.)</subfield><subfield code="v">Newspapers.</subfield></datafield><datafield ind1=" " ind2="0" tag="651"><subfield code="a">Providence County (R.I.)</subfield><subfield code="v">Newspapers.</subfield></datafield><datafield ind1=" " ind2="7" tag="655"><subfield code="a">Newspapers.</subfield><subfield code="2">fast</subfield><subfield code="0">(OCoLC)fst01423814</subfield></datafield><datafield ind1=" " ind2="7" tag="651"><subfield code="a">Rhode Island</subfield><subfield code="z">Providence County.</subfield><subfield code="2">fast</subfield><subfield code="0">(OCoLC)fst01211868</subfield></datafield><datafield ind1=" " ind2="7" tag="651"><subfield code="a">Rhode Island</subfield><subfield code="z">Woonsocket.</subfield><subfield code="2">fast</subfield><subfield code="0">(OCoLC)fst01210496</subfield></datafield><datafield ind1=" " ind2=" " tag="752"><subfield code="a">United States</subfield><subfield code="b">Rhode Island</subfield><subfield code="c">Providence</subfield><subfield code="d">Woonsocket.</subfield></datafield><datafield ind1="0" ind2="0" tag="780"><subfield code="t">Woonsocket call</subfield><subfield code="w">(DLC)sn 92064159</subfield><subfield code="w">(OCoLC)26230394</subfield></datafield></record>